%Bibtex 参考文献

%%%%%%%% はじめに

@misc{webserver_survey,
  author       = {NetCraft},
  title        = {Web Server Survey},
  howpublished = {\url{https://news.netcraft.com/archives/category/web-server-survey/}},
  note         = {2021年1月22日閲覧}
}

@misc{internetlivestats,
  author       = {internet live stats},
  title        = {Total number of Websites},
  howpublished = {\url{http://internetlivestats.com/}},
  note         = {2019年1月17日閲覧}
}

@misc{itr_webmarket,
  author       = {ITR},
  title        = {ITR Market View：メール／Webマーケティング市場2018},
  howpublished = {\url{https://www.itr.co.jp/report/marketview/M18000200.html}},
  note         = {2019年1月17日閲覧}
}

@misc{writework,
  author       = {WriteWork},
  title        = {WriteWork},
  howpublished = {\url{https://www.writework.com/}},
  note         = {2019年1月17日閲覧}
}

@misc{writeworkabtest,
  author       = {VWO Success Stories},
  title        = {WriteWork Increased Purchases By 50%},
  howpublished = {\url{https://vwo.com/success-stories/writework/}},
  note         = {2019年1月17日閲覧}
}

%%%%%%%% ウェブページの構造

@misc{mozilla_html,
  author       = {Mozilla},
  title        = {HTML: HyperText Markup Language},
  howpublished = {\url{https://developer.mozilla.org/ja/docs/Web/HTML}},
  note         = {2019年1月24日閲覧}
}

@misc{html_share,
  author       = {W3Techs},
  title        = {Usage statistics and market share of HTML5 for websites},
  howpublished = {\url{https://w3techs.com/technologies/details/ml-html5/all/all}},
  note         = {2019年1月24日閲覧}
}

@misc{ntt_scraping,
  author       = {NTTコミュニケーションズ株式会社},
  title        = {スクレイピングとAPIの違い},
  howpublished = {\url{https://developer.ntt.com/ja/blog/e007f5ca-292b-48b6-9fcb-e8051a1f9889}},
  note         = {2019年1月24日閲覧}
}

@misc{selenium,
  author       = {Selenium},
  title        = {Selenium WebDriver},
  howpublished = {\url{https://www.seleniumhq.org/projects/webdriver/}},
  note         = {2019年1月12日閲覧}
}

@misc{beautifulsoup,
  author       = {Crummy},
  title        = {Beautiful Soup},
  howpublished = {\url{https://www.crummy.com/software/BeautifulSoup/}},
  note         = {2018年12月15日閲覧}
}

%%%%%%%% 視覚的顕著性

@article{itti1998model,
  title     = {A model of saliency-based visual attention for rapid scene analysis},
  author    = {Itti, Laurent and Koch, Christof and Niebur, Ernst},
  journal   = {IEEE Transactions on pattern analysis and machine intelligence},
  volume    = {20},
  number    = {11},
  pages     = {1254--1259},
  year      = {1998},
  publisher = {IEEE}
}

@article{Itti:2007,
  author  = {Itti, L. },
  title   = {{V}isual salience},
  year    = {2007},
  journal = {Scholarpedia},
  volume  = {2},
  number  = {9},
  pages   = {3327},
  doi     = {10.4249/scholarpedia.3327},
  note    = {revision \#72776}
}

@misc{waseda_top,
  author       = {早稲田大学},
  title        = {早稲田大学トップページ},
  howpublished = {\url{https://www.waseda.jp/top/}},
  note         = {2018年12月1日閲覧}
}

%%%%%%% 関連研究

@inproceedings{shen2014webpage,
  title        = {Webpage saliency},
  author       = {Shen, Chengyao and Zhao, Qi},
  booktitle    = {European conference on computer vision},
  pages        = {33--46},
  year         = {2014},
  organization = {Springer}
}

@inproceedings{bylinskii2017learning,
  title        = {Learning visual importance for graphic designs and data visualizations},
  author       = {Bylinskii, Zoya and Kim, Nam Wook and O'Donovan, Peter and Alsheikh, Sami and Madan, Spandan and Pfister, Hanspeter and Durand, Fredo and Russell, Bryan and Hertzmann, Aaron},
  booktitle    = {Proceedings of the 30th Annual ACM Symposium on User Interface Software and Technology},
  pages        = {57--69},
  year         = {2017},
  organization = {ACM}
}

@misc{mit-saliency-benchmark,
  author = {Zoya Bylinskii and Tilke Judd and Ali Borji and Laurent Itti and Fr{\'e}do Durand and Aude Oliva and Antonio Torralba},
  title  = {MIT Saliency Benchmark}
}

@article{kummerer2016deepgaze,
  title   = {DeepGaze II: Reading fixations from deep features trained on object recognition},
  author  = {K{\"u}mmerer, Matthias and Wallis, Thomas SA and Bethge, Matthias},
  journal = {arXiv preprint arXiv:1610.01563},
  year    = {2016}
}

@inproceedings{jiang2015salicon,
  author    = {Jiang, Ming and Huang, Shengsheng and Duan, Juanyong and Zhao, Qi},
  title     = {SALICON: Saliency in Context},
  booktitle = {The IEEE Conference on Computer Vision and Pattern Recognition (CVPR)},
  month     = {June},
  year      = {2015}
}

@misc{pan2016shallow,
  title         = {Shallow and Deep Convolutional Networks for Saliency Prediction},
  author        = {Junting Pan and Kevin McGuinness and Elisa Sayrol and Noel O'Connor and Xavier Giro-i-Nieto},
  year          = {2016},
  eprint        = {1603.00845},
  archiveprefix = {arXiv},
  primaryclass  = {cs.CV}
}

@article{Cornia_2018,
  title     = {Predicting Human Eye Fixations via an LSTM-Based Saliency Attentive Model},
  volume    = {27},
  issn      = {1941-0042},
  url       = {http://dx.doi.org/10.1109/TIP.2018.2851672},
  doi       = {10.1109/tip.2018.2851672},
  number    = {10},
  journal   = {IEEE Transactions on Image Processing},
  publisher = {Institute of Electrical and Electronics Engineers (IEEE)},
  author    = {Cornia, Marcella and Baraldi, Lorenzo and Serra, Giuseppe and Cucchiara, Rita},
  year      = {2018},
  month     = {Oct},
  pages     = {5142–5154}
}

@article{Gupta_2018,
  title     = {Saliency Prediction for Mobile User Interfaces},
  isbn      = {9781538648865},
  url       = {\url{http://dx.doi.org/10.1109/WACV.2018.00171}},
  doi       = {10.1109/wacv.2018.00171},
  journal   = {2018 IEEE Winter Conference on Applications of Computer Vision (WACV)},
  publisher = {IEEE},
  author    = {Gupta, Prakhar and Gupta, Shubh and Jayagopal, Ajaykrishnan and Pal, Sourav and Sinha, Ritwik},
  year      = {2018},
  month     = {Mar}
}

@techreport{weko_66695_1,
  author      = {野中,諒志 and 湯本,高行 and 新居,学 and 高橋,豐},
  title       = {Webページの構造と内容の分析による手法掲載部分の抽出},
  year        = {2009},
  institution = {兵庫県立大学大学院工学研究科, 兵庫県立大学大学院工学研究科, 兵庫県立大学大学院工学研究科, 兵庫県立大学大学院工学研究科},
  number      = {15},
  month       = {nov}
}

@inproceedings{cai2003extracting,
  title        = {Extracting content structure for web pages based on visual representation},
  author       = {Cai, Deng and Yu, Shipeng and Wen, Ji-Rong and Ma, Wei-Ying},
  booktitle    = {Asia-Pacific Web Conference},
  pages        = {406--417},
  year         = {2003},
  organization = {Springer}
}

@inproceedings{Zheng_task-driven,
  author    = {Zheng, Quanlong
and Jiao, Jianbo
and Cao, Ying
and Lau, Rynson W. H.},
  editor    = {Ferrari, Vittorio
and Hebert, Martial
and Sminchisescu, Cristian
and Weiss, Yair},
  title     = {Task-Driven Webpage Saliency},
  booktitle = {Computer Vision -- ECCV 2018},
  year      = {2018},
  publisher = {Springer International Publishing},
  address   = {Cham},
  pages     = {300--316},
  isbn      = {978-3-030-01264-9}
}

@inproceedings{mlnet2016,
  author    = {Cornia, Marcella and Baraldi, Lorenzo and Serra, Giuseppe and Cucchiara, Rita},
  title     = {{A Deep Multi-Level Network for Saliency Prediction}},
  booktitle = {International Conference on Pattern Recognition (ICPR)},
  year      = {2016}
}

%%%%%%% 視線データセット
@misc{ikesai,
  author       = {株式会社イケサイ},
  title        = {ikesai.com},
  howpublished = {\url{https://www.ikesai.com/}},
  note         = {2019年12月12日閲覧}
}

@misc{tobiipronano,
  author       = {Tobii Technology K.K.},
  title        = {Tobii Pro Nano},
  howpublished = {\url{https://www.tobiipro.com/ja/product-listing/tobii-pro-nano/}},
  note         = {2021年1月12日閲覧}
}

@misc{tobiiprolabo,
  author       = {Tobii Technology K.K.},
  title        = {Tobii Pro Labo},
  howpublished = {\url{https://www.tobiipro.com/ja/product-listing/tobii-pro-lab/}},
  note         = {2021年1月12日閲覧}
}

@book{bookwebdesign,
  title        = {キーワードから探るデザイン動向の現在と未来},
  author       = {Morimoto,Yuri and Suzuki,Keitaro and Hukuoka,Akira and Miyake,Takahiro},
  booktitle    = {Webデザイン、これからどうなるの？},
  pages        = {38--61},
  year         = {2018},
  organization = {MdN Corporation}
}

%%%%%%% 研究の詳細
@misc{yahoo,
  author       = {Yahoo Japan Corporation},
  title        = {Yahoo! JAPAN},
  howpublished = {\url{https://www.yahoo.co.jp/}},
  note         = {2021年1月17日閲覧}
}

@misc{windowsicon,
  author       = {Microsoft Corporation},
  title        = {Standard Icons},
  howpublished = {\url{https://docs.microsoft.com/ja-jp/windows/win32/uxguide/vis-std-icons}},
  note         = {2019年12月9日閲覧}
}

@misc{appleicon,
  author       = {Apple Inc.},
  title        = {App Icon},
  howpublished = {\url{https://developer.apple.com/design/human-interface-guidelines/ios/icons-and-images/app-icon/}},
  note         = {2019年12月9日閲覧}
}

%%%%%%% 評価
@article{salMetrics_Bylinskii,
  title   = {What do different evaluation metrics tell us about saliency models?},
  author  = {Zoya Bylinskii and Tilke Judd and Aude Oliva and Antonio Torralba and Fr{'e}do Durand},
  journal = {arXiv preprint arXiv:1604.03605},
  year    = {2016}
}

@misc{japanwebgallery,
  author       = {日本のWebデザインギャラリー},
  title        = {Japan Web Design Gallery},
  howpublished = {\url{http://japan.2-wg.com/}},
  note         = {2018年1月12日閲覧}
}

%%%%%%% まとめ

@article{inagaki2018,
  title   = {ワードクラウドのグラデーション描写による多次元化},
  author  = {稲垣,有哉 and 深澤,良彰},
  journal = {電子情報通信学会 基礎・境界ソサイエティ/NOLTAソサエティ大会},
  year    = {2018}
}